%% Sphere pixelizations

@article{healpix,
  title={HEALPix: a framework for high-resolution discretization and fast analysis of data distributed on the sphere},
  author={Gorski, Krzysztof M and Hivon, Eric and Banday, AJ and Wandelt, Benjamin D and Hansen, Frode K and Reinecke, Mstvos and Bartelmann, Matthia},
  journal={The Astrophysical Journal},
  volume={622},
  number={2},
  pages={759},
  year={2005},
  publisher={IOP Publishing}
}

@article{glesp,
  title={Gauss--Legendre sky pixelization (GLESP) for CMB maps},
  author={Doroshkevich, AG and Naselsky, PD and Verkhodanov, Oleg V and Novikov, DI and Turchaninov, VI and Novikov, ID and Christensen, PR and Chiang, L-Y},
  journal={International Journal of Modern Physics D},
  volume={14},
  number={02},
  pages={275--290},
  year={2005},
  publisher={World Scientific}
}

@article{sympix,
  title={Sympix: A spherical grid for efficient sampling of rotationally invariant operators},
  author={Seljebotn, Dag Sverre and Eriksen, Hans Kristian},
  journal={The Astrophysical Journal Supplement Series},
  volume={222},
  number={2},
  pages={17},
  year={2016},
  publisher={IOP Publishing}
}

@article{cubedsphere,
  title={The “cubed sphere”: a new method for the solution of partial differential equations in spherical geometry},
  author={Ronchi, C and Iacono, R and Paolucci, Pier S},
  journal={Journal of Computational Physics},
  volume={124},
  number={1},
  pages={93--114},
  year={1996},
  publisher={Elsevier}
}


%% Graph NNs


@inproceedings{defferrard2016gnn,
  title={Convolutional neural networks on graphs with fast localized spectral filtering},
  author={Defferrard, Micha{\"e}l and Bresson, Xavier and Vandergheynst, Pierre},
  booktitle={Advances in Neural Information Processing Systems},
  pages={3844--3852},
  year={2016}
}


%% Equivariance

@article{kondor2018equivariance,
  title={On the generalization of equivariance and convolution in neural networks to the action of compact groups},
  author={Kondor, Risi and Trivedi, Shubhendu},
  journal={arXiv:1802.03690},
  archivePrefix = "arxiv",
  year={2018}
}
